<?xml version="1.0" encoding="UTF-8"?><record xmlns="http://www.loc.gov/MARC21/slim" xmlns:cinclude="http://apache.org/cocoon/include/1.0" xmlns:zs="http://www.loc.gov/zing/srw/">
  <leader>00396nz  a2200133n  4500</leader>
  <controlfield tag="001">no2002067472</controlfield>
  <controlfield tag="003">DLC</controlfield>
  <controlfield tag="005">20020730052231.0</controlfield>
  <controlfield tag="008">020729n| acannaabn          |n aaa     c</controlfield>
  <datafield tag="010" ind1=" " ind2=" ">
    <subfield code="a">no2002067472</subfield>
  </datafield>
  <datafield tag="035" ind1=" " ind2=" ">
    <subfield code="a">(OCoLC)oca05823931</subfield>
  </datafield>
  <datafield tag="040" ind1=" " ind2=" ">
    <subfield code="a">WaLyOCLC</subfield>
    <subfield code="b">eng</subfield>
    <subfield code="c">WaLyOCLC</subfield>
  </datafield>
  <datafield tag="100" ind1="1" ind2=" ">
    <subfield code="a">Mañá, Laura,</subfield>
    <subfield code="d">1968-</subfield>
  </datafield>
  <datafield tag="670" ind1=" " ind2=" ">
    <subfield code="a">Falsas apariencias, 2001:</subfield>
    <subfield code="b">t.p. (Laura Mañá) front flap (Barcelona, 1968; actress)</subfield>
  </datafield>
</record>